@article{eidsen2009utilizing,
title={Utilizing GPUs for Real-Time Visualization of Snow},
author={Eidsen, Robin},
year={2009},
type={Master's thesis},
pages={92},
}

@article{saltvik2006parallel,
title={Parallel Methods for Real-Time Visualization of Snow},
author={Saltvik, Ingar},
year={2006},
type={Master's thesis},
pages={93},
note = {Released as a paper as well as a master thesis},
url = {https://link.springer.com/chapter/10.1007/978-3-540-75755-9_27}
}

@article{hjerpbakk2022novel,
title={Novel Extended Brickmap for Real-time Ray Tracing},
author={Hjerpbakk, Aksel},
year={2022},
type={Master's thesis},
pages={72},
}

@article{nordahl2013enhancing,
title={Enhancing the HPC-Lab Snow Simulator with More Realistic Terrains and Other Interactive Features},
author={Nordahl, Andreas},
year={2013},
school={NTNU}
}

@online{ma2501,
title={Øving fra MA2501 om iterasjonsmetoder},
url={https://raw.githubusercontent.com/steffenhaug/nm/master/int/doc/main.pdf},
author={Haug, Steffen},
year={2019},
}

@article{sph_techniques,
title={Smoothed Particle Hydrodynamics Techniques for the Physics Based Simulation of Fluids and Solids},
author={Koschier, Dan and Bender, Jan and Solenthaler, Barbara and Teschner, Matthias},
year={2019}
}

@article{chunnoo2022simulating,
title={Simulating Snow as an Elastoplastic Material on the GPU},
author={Chunnoo, Mathias},
year={2022},
school={NTNU}
}


@article{icsph,
title={An Implicit Compressible SPH Solver for Snow Simulation},
author={Gissler, Christoph and Henne, Andreas and Band, Stefan and Peer, Andreas and Teschner, Matthias},
year={2020}
}

@article{krog2010avalanche,
title={GPU-based Real-Time Snow Avalanche Simulations},
author={Krog, Øystein Eklund},
year={2010},
school={NTNU}
}

@article{gjermundsen_lbm_2009,
  title = {Lbm vs sor solver on gpus for real-time snow simulations},
  author = {Aleksander Gjermundsen},
  school = {Norwegian University of Science and Technology, Department of Compture Science},
  year = {2009},
}

@article{chellia_ntnu_2010,
  title = {The ntnu hpc snow simulator on the fermi gpu},
  author = {Joel Chellia},
  school = {Norwegian University of Science and Technology, Department of Compute Science},
  year = {2010},
}

@mastersthesis{vik_real-time_2003,
  title = {Real-time simulation of smoke through parallelizations},
  author = {Torbjørn Vik},
  school = {Norwegian University of Science and Technology, Department of Compute Science},
  year = {2003},
}

@misc{euler_wikimedia,
   author = "Wikimedia Commons",
   title = "File:Euler method.svg --- Wikimedia Commons{,} the free media repository",
   year = "2020",
   url = {https://commons.wikimedia.org/w/index.php?title=File:Euler_method.svg&oldid=478643663},
   note = "[Online; accessed 15-December-2022]"
}

@online{tma4145,
    author={Grepstad, Sigrid},
    title={TMA4145 – Linear Methods},
    note={Lecture notes},
    url={https://wiki.math.ntnu.no/_media/tma4145/2018h/course-notes_2018_18.11.pdf},
    year={2018}
}

@online{bindel2012,
    title={Iterative methods for the 2D model problem},
    url={https://www.cs.cornell.edu/~bindel/class/cs6210-f12/notes/lec33.pdf},
    note={Lecture notes},
    author={Bindel, David},
    school={Cornell University, Department of Computer Science}
}

@online{ma2501ode,
    url={https://wiki.math.ntnu.no/_media/ma2501/2019v/note.pdf},
    title={Lecture Notes in TMA4215 Numerical Mathematics},
    author={Owren, Brynjulf and Kværnø, Anne and Celledoni, Elena},
    year={2019},
    note={Note about stiffness and stability}
}


@online{ma2501fd,
    url={https://wiki.math.ntnu.no/_media/ma2501/2019v/masterbvp.pdf},
    title={MA2501 Fnite difference methods for two-point boundary value problems},
    author={Celledoni, Elena},
    year={2019},
    note={Note about finite differences}
}

@article{monaghan05,
    title={Smoothed Particle Hydrodynamics},
    author={Joseph Monaghan},
    year={2005},
}

@book{young2003,
title={Iterative Solutions of Large Linear Systems},
author={Young, David M.},
note={Handout in TDT24}
}

@inproceedings{hoefler2021datamovement,
 author = {Ivanov, Andrei and Dryden, Nikoli and Ben-Nun, Tal and Li, Shigang and Hoefler, Torsten},
 booktitle = {Proceedings of Machine Learning and Systems},
 editor = {A. Smola and A. Dimakis and I. Stoica},
 pages = {711--732},
 title = {Data Movement Is All You Need: A Case Study on Optimizing Transformers},
 url = {https://proceedings.mlsys.org/paper/2021/file/c9e1074f5b3f9fc8ea15d152add07294-Paper.pdf},
 volume = {3},
 year = {2021}
}

@article{hoefler2019dataflow,
  doi = {10.48550/ARXIV.1902.10345},
  url = {https://arxiv.org/abs/1902.10345},
  author = {Ben-Nun, Tal and Licht, Johannes de Fine and Ziogas, Alexandros Nikolaos and Schneider, Timo and Hoefler, Torsten},
  keywords = {Programming Languages (cs.PL), Distributed, Parallel, and Cluster Computing (cs.DC), Performance (cs.PF), FOS: Computer and information sciences, FOS: Computer and information sciences},
  title = {Stateful Dataflow Multigraphs: A Data-Centric Model for Performance Portability on Heterogeneous Architectures},
  publisher = {arXiv},
  year = {2019},
  copyright = {arXiv.org perpetual, non-exclusive license}
}

@article{hoefler2017trends,
author = {Unat, Didem and Dubey, Anshu and Hoefler, Torsten and Shalf, John and Abraham, Mark and Bianco, Mauro and Chamberlain, Bradford and Cledat, Romain and Edwards, H. and Finkel, Hal and Fürlinger, Karl and Hannig, Frank and Jeannot, Emmanuel and Kamil, Amir and Keasler, Jeff and Kelly, Paul and Leung, Vitus and Ltaief, Hatem and Maruyama, Naoya and Pericàs, Miquel},
year = {2017},
month = {05},
title = {Trends in Data Locality Abstractions for HPC Systems},
journal = {IEEE Transactions on Parallel and Distributed Systems},
doi = {10.1109/TPDS.2017.2703149}
}

@article{ziogas2019quantum,
  author    = {Alexandros Nikolaos Ziogas and
               Tal Ben{-}Nun and
               Guillermo Indalecio Fern{\'{a}}ndez and
               Timo Schneider and
               Mathieu Luisier and
               Torsten Hoefler},
  title     = {A Data-Centric Approach to Extreme-Scale Ab initio Dissipative Quantum
               Transport Simulations},
  journal   = {CoRR},
  volume    = {abs/1912.10024},
  year      = {2019},
  url       = {http://arxiv.org/abs/1912.10024},
  eprinttype = {arXiv},
  eprint    = {1912.10024},
  timestamp = {Fri, 03 Jan 2020 16:10:45 +0100},
  biburl    = {https://dblp.org/rec/journals/corr/abs-1912-10024.bib},
  bibsource = {dblp computer science bibliography, https://dblp.org}
}

@book{saad_iterative,
   title =     {Iterative methods for sparse linear systems},
   author =    {Yousef Saad},
   publisher = {Society for Industrial and Applied Mathematics},
   isbn =      {9780898715347,0898715342},
   year =      {2003},
   edition =   {2},
}


@online{eigen,
    title={Eigen},
    author={Nuentsa-Wakam, Désiré and Guennenbaud, Gabriel},
    url={https://gitlab.com/libeigen/eigen/-/blob/master/Eigen/src/IterativeLinearSolvers/BiCGSTAB.h},
    retrieved={2/3/2023},
    year={2014}
}

@book{suli_numanal,
    title={Numerical Analysis},
    author={Süli, Endre and Mayers, David},
    year={2003},
    publisher={Cambridge University Press}
}

@book{fausto_nummat,
    title={Numerical Mathematics},
    author={Saleri, Fausto and Sacco, Ricardo and Quarteroni, Alfio},
    year={2000},
    publisher={Springer}
}

@book{lambert_ode,
    title={Numerical Methods for Ordinary Differential Systems},
    author={Lambert, J. D.},
    year={1991},
    publisher={Springer}
}
